\newpage
\begin{filecontents}{References.bib}

@INPROCEEDINGS{KKT11,  author={H.W. {Kuhn} and A.W. {Tucker}},  booktitle={Proceedings of the Second Berkeley Symposium on Mathematical Statistics and Probability },  title={Nonlinear programming, in: J. Neyman (ed.)},   year={1951},  volume={8},  number={},  pages={481-492},  publisher={University of California Press, Berkeley, CA},}

@BOOK{1978,  author={N. {Maratos}},  journal={},  title={Exact Penalty Function Algorithms for Finite-Dimensional and Control Optimization Problems},   year={1978},  publisher={University of London.}, volume={},  number={},  pages={},}

@INBOOK{Han111,  author={S. {Han}},  journal={},  title={Superlinearly convergent variable metric algorithms for general nonlinear programming problems, Mathematical Programming },  edition={11}, year={1976},  publisher={}, volume={},  number={},  pages={263-282},}

@BOOK{Haestene2,  author={M. {Hestenes}},  journal={},  title={Multiplier and gradient methods, J. Optimization Theory and Applications },  edition={4th}, year={1976},  publisher={}, volume={},  number={},  pages={303-320},}

@INBOOK{14547745,  author={N. {Karmarkar}},  journal={},  title={Exact Penalty Function Algorithms for Finite-Dimensional and Control Optimization Problems},  edition={4}, year={1984},  publisher={}, volume={},  number={},  pages={373-395},}

@INBOOK{flect,  author={R. {Fletcher}},  journal={},  title={Practical Methods of Optimization},  edition={4}, year={1981},  publisher={John Wiley and Sons, New York and Toronto}, volume={2},  number={},  pages={79-101},}

@ARTICLE{Gill,  author={P.E. {Gill} and A. {Saunder} and H. {Wright}, and W. {Murray}},  journal={Department of Operations Research},  title={A Schur-complement method for sparse quadratic programming},   year={1987},  chapter = {III}, volume={},  number={},  pages={87},  publisher={Stanford University, CA},}

@BOOK{23453653,  author={M.H. {Wright}},  journal={},  title={ Numerical Methods for Nonlinearly Constrained Optimization},  edition={}, year={1976},  publisher={Stanford University, CA}, volume={},  number={},  pages={},}

@BOOK{Lootsman12,  author={F. {Lootsma}},  journal={},  title={Numerical Methods for Non-Linear Optimization},  edition={4}, year={1982},  publisher={Academic Press, London and New York}, volume={},  number={},  pages={297-300},}

@ARTICLE{file12,  author={K. {Schittkowski}},  journal={ Numerische Mathematik},  title={The nonlinear programming method of Wilson, Han and Powell with an augmented Lagrangian type line search function},  edition={4}, year={1981},  publisher={Academic Press, London and New York}, volume={38},  number={},  pages={83-114},}

@INBOOK{Diag,  author={R. {Tapia}},  journal={},  title={Diagonalized multiplier methods and quasi-Newton methods for constrained optimization},  edition={4}, year={1977},  publisher={Academic Press, London and New York}, volume={},  chapter={22}, number={},  pages={135-194},}

@INBOOK{Boyd111,  author={S. {Boyd} and V.{Vandenberghe}},  journal={},  title={Convex Optimization},  edition={}, year={2004},  publisher={Cambridge University press}, volume={},  chapter={4}, number={},  pages={19-557},}




